<record><leader>00000cas a22000007a 4500</leader><controlfield tag="001">47710397</controlfield><controlfield tag="008">010803d193519uusduwr ne      0    0eng d</controlfield><datafield ind1=" " ind2=" " tag="010"><subfield code="a">sn2001063577</subfield></datafield><datafield ind1=" " ind2=" " tag="040"><subfield code="a">SXN</subfield><subfield code="b">eng</subfield><subfield code="c">SXN</subfield><subfield code="d">OCLCQ</subfield><subfield code="d">OCLCF</subfield><subfield code="d">OCLCO</subfield></datafield><datafield ind1="1" ind2=" " tag="029"><subfield code="a">AU@</subfield><subfield code="b">000022904555</subfield></datafield><datafield ind1=" " ind2=" " tag="042"><subfield code="a">msc</subfield></datafield><datafield ind1=" " ind2=" " tag="043"><subfield code="a">n-us-sd</subfield></datafield><datafield ind1="0" ind2=" " tag="130"><subfield code="a">Northwest journal (Aberdeen, S.D.)</subfield></datafield><datafield ind1="0" ind2="0" tag="245"><subfield code="a">Northwest journal.</subfield></datafield><datafield ind1=" " ind2=" " tag="260"><subfield code="a">Aberdeen, S.D. :</subfield><subfield code="b">Howard C. Anderson,</subfield></datafield><datafield ind1=" " ind2=" " tag="300"><subfield code="a">v.</subfield></datafield><datafield ind1=" " ind2=" " tag="310"><subfield code="a">Weekly</subfield></datafield><datafield ind1="0" ind2=" " tag="362"><subfield code="a">Vol. 54, no. 29 (Dec. 6, 1935)-</subfield></datafield><datafield ind1=" " ind2=" " tag="515"><subfield code="a">July 28, 1939 issues repeats volume three.</subfield></datafield><datafield ind1=" " ind2=" " tag="525"><subfield code="a">Has supplement titled: The journal broadcast, 1936-1940.</subfield></datafield><datafield ind1=" " ind2=" " tag="530"><subfield code="a">Available on microfilm from: State Archives, South Dakota State Historical Society.</subfield></datafield><datafield ind1=" " ind2="0" tag="651"><subfield code="a">Aberdeen (S.D.)</subfield><subfield code="v">Newspapers.</subfield></datafield><datafield ind1=" " ind2="0" tag="651"><subfield code="a">Brown County (S.D.)</subfield><subfield code="v">Newspapers.</subfield></datafield><datafield ind1=" " ind2="7" tag="655"><subfield code="a">Newspapers.</subfield><subfield code="2">fast</subfield><subfield code="0">(OCoLC)fst01423814</subfield></datafield><datafield ind1=" " ind2="7" tag="651"><subfield code="a">South Dakota</subfield><subfield code="z">Aberdeen.</subfield><subfield code="2">fast</subfield><subfield code="0">(OCoLC)fst01217118</subfield></datafield><datafield ind1=" " ind2="7" tag="651"><subfield code="a">South Dakota</subfield><subfield code="z">Brown County.</subfield><subfield code="2">fast</subfield><subfield code="0">(OCoLC)fst01212831</subfield></datafield><datafield ind1=" " ind2=" " tag="752"><subfield code="a">United States</subfield><subfield code="b">South Dakota</subfield><subfield code="c">Brown</subfield><subfield code="d">Aberdeen.</subfield></datafield><datafield ind1="0" ind2="2" tag="740"><subfield code="a">Journal broadcast.</subfield></datafield><datafield ind1="0" ind2="0" tag="780"><subfield code="t">The Dakota free press</subfield><subfield code="w">(DLC)sn 200163578</subfield></datafield></record>